@inproceedings{bianca05,
    author = {John Langford and Bianca Zadrozny},
    title = {Estimating Class Membership Probabilities using Classifier Learners},
    booktitle = {International Workshop on Artificial Inteligence and Statistics - AISTAT},
    year = {2005}
}

@inproceedings{langford08,
    author = {Maria-Florina Balcan and Nikhil Bansal and Alina Beygelzimer and Don Coppersmith and John Langford and Gregory B. Sorkin},
    title = {Robust Reductions from Ranking to Classification},
    booktitle = {Yet to discover},
    year = {Yet to discover}
}

@inproceedings{ailon08,
    author = {Nir Ailon and Mehryar Mohri},
    title = {An Efficient Reduction of Ranking to Classification},
    booktitle = {Yet to discover},
    year = {Yet to discover}
}

@article{guo04,
    author = {Hongyu Guo},
    title = {Learning from imbalanced data sets with boosting and data generation: The DataBoost-IM approach},
    journal = {SIGKDD Explorations},
    year = {2004},
    volume = {6},
    pages = {2004}
}

@article{tieyan09,
    author = {Tie-Yan Liu},
    title = {Learning to Rank for Information Retrieval},
    journal = {Foundations and Trends in Information Retrieval},
    year = {2009},
    volume = {3},
    number = {3}
}

@book{wekabook,
    author = {Ian H. Witten and Eibe Frank},
    title = {Data Mining: Practical Machine Learning Tools and Techniques},
    publisher = {Morgan Kaufmann},
    month = {Junho},
    year = {2005},
    edition = {Segunda}
}